@article{ACohesion,
  author = {F. William Lawvere},
  title = {Axiomatic Cohesion},
  journal = {Theory and Applications of Categories},
  year = {2007},
  volume = {19},
  number = {3},
  pages = {41-49},
  keywords={Lawvere}
}

@article{InternalChoice,
  author = {F. William Lawvere and Matías Menni},
  title = {Internal Choice Holds in the Discrete Part of any Cohesive Topos Stisfying Stable Connected Codiscretness},
  journal = {Theory and Applications of Categories},
  year = {2015},
  volume = {30},
  number = {26},
  pages = {909-932},
  keywords={Lawvere}
}

@article{DirectedGraphs,
  author = {F. William Lawvere},
  title = {Categories of Spaces may not be Generalized Spaces as Exemplifiedby Directed Graphs},
  journal = {Reprints in Theory and Applications of Categories},
  year = {2005},
  volume = {},
  number = {9},
  pages = {1-7},
  keywords={Lawvere}
}

@article{VariableSET,
  author = {F. William Lawvere},
  title = {Variable setes, topoi and étendu},
  journal = {Notices American Mathematical Society},
  year = {1975},
  volume = {22},
  number = {A675},
  pages = {},
  keywords={Lawvere}
}

@misc{LawsofMotion,
  author = {F. William Lawvere},
  title = {Toposes of Laws of Motion},
  year = {1997},
  howpublished = {Transcript from video},
  keywords={Lawvere}
}

@book{SetsM,
  author = {F. William Lawvere and Robert Rosebrugh},
  title = {Sets for Mathematics},
  publisher = {Cambridge University Press},
  year = {2003},
  keywords = {Lawvere}
}

@article{Extensive,
  author = {Aurelio Carboni and Stephen Lack and R.F.C. Walters},
  title ={Introduction to extensive and distributive categories},
  journal ={Journal of Pure and Applied Algebra},
  year = {1993},
  volume = {84},
  pages = {145-158}
}

@inproceedings{pullingpaths,
  author = {John R. Isbell},
  title = {Pulling paths and canonical sheaves of paths},
  booktitle = {Notices Amer. Math. Soc.},
  year = {1976},
  pages = {1}
}

@book{Calculus,
  author = {Peter Gabriel and Michel Zisman},
  title = {Calculus of Fractions and Homotopy Theory},
  publisher = {Springer-Verlag},
  address = {Belin},
  year = {1967}
}

@booklet{Homotopy,
  title = {Notes on simplicial homotopy theory},
  author = {Andr{é} Joyal and Myles Tierney},
  howpublished = {http://mat.uab.cat/~kock/crm/hocat/advanced-course/Quadern47.pdf},
  month = {},
  year = {2011}
}

@article{Relation,
  author = {Francisco Marmolejo and Matías Menni},
  title = {On the relation between continuous and combinatorial},
  journal = {Journal of Homotopy and Related Structures},
  year = {2017},
  volume = {12},
  number = {},
  pages = {379-412}
}

@article{CCohesion,
  author = {Matías Menni},
  title = {Continuous Cohesion over sets},
  journal = {Theory and Applications of Categories},
  year = {2014},
  volume = {29},
  number = {20},
  pages = {542-568}
}

@book{CWM,
  author = {Saunders {Mac~Lane}},
  title = {Categories for the Working Mathematician},
  publisher = {Springer},
  address = {},
  year = {1998}
}

@book{SGL,
  author = {Saunders {Mac~Lane} and Ieke Moerdijk},
  title = {Sheaves in Geometry and Logic},
  publisher = {Springer},
  address = {},
  year = {1992}
}

@article{TopologicalT,
  author = {Peter T. Johnstone},
  title = {On a Topological Topos},
  journal = {Proc. London Math. Soc.},
  year = {1979},
  volume = {s3-38},
  number = {2},
  pages = {237-271}
}

@book{Elefante,
  author = {Peter T. Johnstone},
  title = {Sketches of an Elephant: A Topos Theory Compendium},
  publisher = {Oxford University Press},
  address = {},
  year = {2002}
}

@book{ToposT,
  author = {Peter T. Johnstone},
  title = {Topos Theory},
  publisher = {Dover Publications},
  address = {},
  year = {2013}
}

@article{Remarks,
  author = {Peter T. Johnstone},
  title = {Remarks on Punctual Local Connectedness},
  journal = {Theory and Applications of Categories},
  year = {2011},
  volume = {25},
  number = {3},
  pages = {51-63}
}

@book{StoneS,
  author = {Peter T. Johnstone},
  title = {Stone Spaces},
  publisher = {Cambridge University Press},
  address = {Cambridge, UK},
  year = {1992}
}

@book{GaloisT,
  author = {Francis Borceux and George Janelidze},
  title = {Galois Theories},
  publisher = {Cambridge University Press},
  address = {Cambridge, UK},
  year = {2001}
}

@book{HCA1,
  author = {Fancis Borceux},
  title = {Handbook of Categorical Algebra 1--3},
  booktitle = {Basic Category Theory},
  publisher = {Cambridge University Press},
  address = {Cambridge, UK},
  year = {2002}
}

@book{Noll,
  author = {Walter Noll},
  title = {The Fundations of Mechanics and Thermodinamics},
  publisher = {Springer-Verlag},
  address = {Berlin Heidelberg New York},
  year = {1974}
}

@book{Truesdell,
  author = {Clifford A. Truesdell},
  title = {A First Course in Rational Continuum Mechanics},
  publisher = {Academic Press, Inc.},
  volume = {1--3},
  year = {1991}
}

@inproceedings{CCP,
  author    = {F. William Lawvere},
  title     = {Introduction},
  booktitle = {Categories in Continuum Physics},
  series    = {Lectures Notes in Mathematics},
  year      = {1982},
  pages     = {1--16},
  publisher = {Springer-Verlag},
  address   = {Berlin Heidelberg New York Tokyo}
    }
